
@ARTICLE{Gestures,
title = {Understanding Child-Defined Gestures and Childrenâ€™s 
Mental Models for Touchscreen Tabletop Interaction},
author = {Anthony, Lisa and Findlater, Leah K. and Rust, Karen and Malu, Meethu},
year = {2014},

url = {http://idc2014.org/wp-content/uploads/2014/09/p201-rust.pdf}
}


@online{Hands,
title = {A Brief Rant On the Future of Interaction Design},
author = {Victor, Bret},
date = {November 8, 2013},
url = {http://worrydream.com/ABriefRantOnTheFutureOfInteractionDesign/}
urldate = {2014-09-18}
}


@online{Touch,
title = {Common Misconceptions About Touch},
author = {Hoober, Steven},
date = {March 18, 2011},
url = {http://www.uxmatters.com/mt/archives/2013/03/common-misconceptions-about-touch.php}
urldate = {2014-09-20}
}
